%! Author = kida
%! Date = 4/11/24

